<?xml version="1.0" encoding="UTF-8"?><collection xmlns="http://www.loc.gov/MARC21/slim"><record><leader>00424nam--2200157-i-4500</leader><controlfield tag="001">000008731</controlfield><controlfield tag="002">20161230</controlfield><controlfield tag="005">20170107162437</controlfield><controlfield tag="008">060222s1000------------r-----000-0-eng-d</controlfield><datafield ind1=" " ind2=" " tag="080"><subfield code="a">518</subfield></datafield><datafield ind1=" " ind2=" " tag="100"><subfield code="a">Adam, A</subfield></datafield><datafield ind1=" " ind2=" " tag="245"><subfield code="a">Truth functions and the problem of their realization by two-terminal graphs</subfield></datafield><datafield ind1=" " ind2=" " tag="260"><subfield code="a">Budapest</subfield><subfield code="b">Akad©♭miai Kiad©đ</subfield><subfield code="c">1968</subfield></datafield><datafield ind1=" " ind2=" " tag="300"><subfield code="a">206 p</subfield></datafield><datafield ind1=" " ind2=" " tag="852"><subfield code="a">29983</subfield><subfield code="c">517.7</subfield></datafield><datafield ind1=" " ind2=" " tag="CAT"><subfield code="a">SYS</subfield><subfield code="c">20170107</subfield><subfield code="h">162437</subfield></datafield></record></collection>